% This file was created with JabRef 2.10.
% Encoding: Cp1252


@Manual{cdproj,
  Title                    = {Course Design Project Cellular Network Architecture},
  Author                   = {ECE 4305},
  Organization             = {WPI},

  Owner                    = {Renato},
  Timestamp                = {2015.03.05}
}

@Misc{videodemo,
  Title                    = {Final Demostration of over the air transmission of frame object},

  Author                   = {Team 6 ECE 4305},
  HowPublished             = {https://www.youtube.com/watch?v=Y0MWQHVbX1w},
  Year                     = {2015},

  Owner                    = {Renato},
  Timestamp                = {2015.03.05}
}

@Book{bibtexcite,
  Title                    = {Awesome Book},
  Author                   = {The Author},
  Publisher                = {WPI Press},
  Year                     = {2008},

  Pages                    = {5, 23-33}
}

